
@PRESENTATION{Ade09,
  author = {Adelman, Rachel},
  year = 2009,
  title = {`Such Stuff as Dreams Are Made On': {G}od's {F}ootstool in the {A}ramaic {T}argumim and {M}idrashic Tradition},
  organization = {Paper presented at the annual meeting for the Society of Biblical Literature},
  month = nov # "~21–-24",
  address = {New Orleans, Louisiana}}

@ARTICLE{Alb05,
  author = {Albiston, Catherine R.},
  year = 2005,
  title = {Bargaining in the Shadow of Social Institutions: Competing Discourses and Social Change in the Workplace Mobilization of Civil Rights},
  journal = {Law and Society Review},
  volume = 39,
  number = 1,
  pages = {11--47}}

@Article{Curran2011,
  author = {Patrick Curran and Daniel Bauer},
  title = {The Disaggregation of Within-Person and Between-Person Effects in Longitudinal Models of Change},
  journal = {Annual Review of Psychology},
  year = {2011},
  volume = {62},
  pages = {583--619}
}

@Book{Allison2011,
  author = {Paul Allison},
  title = {Fixed Effects Regression Models},
  year = {2011},
  publisher = {Sage Publications},
  address = {Thousand Oaks}
} 

@Article{Bollen2010,
  title = {A General Panel Model with Random and Fixed Effects: A Structural Equations Approach},
  author = {Kenneth Bollen and Jennie Brand},
  journal = {Social Forces},
  year = {2010},
  volume = {89(1)},
  pages = {1--34}
}

@Article{Teachman2001,
  author = {Jay Teachman and Greg Duncan and Jean Yeung and Dan Levy},
  title = {Covariance Structure Models for Fixed and Random Effects},
  year = {2001},
  journal = {Sociological Methods and Research},
  volume = {30(2)},
  pages = {271--288}
}

@Article{R-lavaan,
  title = {{lavaan}: An {R} Package for Structural Equation Modeling},
  author = {Yves Rosseel},
  journal = {Journal of Statistical Software},
  year = {2012},
  volume = {48},
  number = {2},
  pages = {1--36},
  url = {http://www.jstatsoft.org/v48/i02/}
}

@Manual{R-base,
  title = {R: A Language and Environment for Statistical Computing},
  author = {{R Core Team}},
  organization = {R Foundation for Statistical Computing},
  address = {Vienna, Austria},
  year = {2017},
  url = {https://www.R-project.org/}
}

@Manual{Mplus,
  author = {Linda Muthén and Bengt Muthén},
  title = {{Mplus User's Guide. Eighth Edition}},
  year = {1998--2017},
  address = {Los Angeles, California},
  publisher = {Muthén \& Muthén}
}

@book{Wooldridge2012,
  title = {Introductory Econometrics: A Modern Approach, 5$^{th}$ {E}dition},
  author = {Jeffery Wooldridge},
  year = {2012},
  publisher = {Thomson South-Western},
  address = {Mason, Ohio},
  note = {{ISBN} 1-111-53104-8}
}

@Article{R-plm_a,
  title = {Panel Data Econometrics in {R}: The {plm} Package},
  author = {Yves Croissant and Giovanni Millo},
  journal = {Journal of Statistical Software},
  year = {2008},
  volume = {27},
  number = {2},
  pages = {1--43},
  doi = {10.18637/jss.v027.i02}
}

@book{Wooldridge2002,
  title = {Econometric analysis of cross sectional and panel data},
  author = {Jeffery Wooldridge}, 
  year = {2002},
  publisher = {The MIT Press},
  address = {Cambridge, Massachusetts},
  note = {{ISBN} 0-262-23219-7}
}

@misc{Schmidheiny2019,
  title = {Panel Data: Fixed and Random Effects},
  author = {Kurt Schmidheiny},
  year = {2019},
  publisher = {Unversität Basel},
  note = {Lecture notes}
}

@incollection{Bruederl2015,
  title = {Fixed-effects panel regression},
  booktitle = {The Sage Handbook of Regression Analysis and Causal Inference},
  author = {Josef Brüderl and Volker Ludwig},
  editor = {Henning Best and Christof Wolf},
  publisher = {Sage Publications},
  year = {2015},
  address = {London, Thousand Oaks},
  pages = {327--357},
  chapter = {15}
}

@Article{R-lme4,
  title = {Fitting Linear Mixed-Effects Models Using {lme4}},
  author = {Douglas Bates and Martin M{\"a}chler and Ben Bolker and Steve Walker},
  journal = {Journal of Statistical Software},
  year = {2015},
  volume = {67},
  number = {1},
  pages = {1--48},
  doi = {10.18637/jss.v067.i01}
}

@book{Bates2010,
  title = {lme4: Mixed-effects modeling with R},
  author = {Douglas M. Bates},
  year = {2010},
  publisher = {Springer}
}

@article{Chamberlain1980,
  title = {Analysis of Covariance with Qualitative Data},
  author = {Gary Chamberlain},
  year = {1980},
  journal = {Review of Economic Studies},
  volume = {47(1)},
  pages = {225--238}
}

@article{Mundlak1978, 
  title = {On the Pooling of Time Series and Cross Section Data},
  author = {Yair Mundlak},
  year = {1978},
  journal = {Econometrica},
  volume = {46(1)},
  pages = {69--85}
}

@Article{Bell2018,
  title = {Fixed and random effects models: Making an informed choice},
  author = {Andrew Bell and Malcolm Fairbrother and Kelvyn Jones},
  year = {2018},
  journal = {Quality and Quantity},
  volume = {53},
  pages = {1051--1074}
}

@Article{Schunck2013,
  title = {Within and between estimates in random-effects models: Advantages and drawbacks of random effects and hybrid models},
  author = {Reinhard Schunck},
  year = {2013},
  journal = {The Stata Journal},
  volume = {13(1)},
  pages = {65--76}
}

@Article{Enders2007, 
  author = {Craig Enders and Davood Tofighi},
  title = {Centering predictor variables in cross-sectional multilevel models: A new look at an old issue},
  journal = {Psychological Methods},
  year = {2007},
  volume = {12(2)},
  pages = {121--138}
}

@Book{Skrondal2004,
  title = {Generalized Latent Variable Modeling},
  author = {Anders Skrondal and Sophia Rabe-Hesketh},
  year = {2004}, 
  publisher = {Chapman \& Hall/CRC},
  address = {Boca Raton, London, New York, Washington, D.C.}
}

@book{Bollen1989,
  title = {Structural Equations with Latent Variables},
  author = {Kenneth Bollen},
  year = {1989},
  publisher = {Wiley},
  address = {New York, Chichester},
  note = {{ISBN} 0-471-01171-1}
}  

@unpublished{Graff1979,
  title = {{Verallgemeinertes LISREL-Modell}},
  author = {J. Graff},
  year = {1979},
  school = {Mannheim, Germany},
  note = {Unpublished Manuscript}
}

@Book{Kline2016,
  author = {Rex Kline},
  title = {Principles and Practice of Structural Equation Modeling. {F}ourth Edition},
  year = {2016},
  publisher = {The Guilford Press},
  address = {New York}
}

